@article{shiloach1979,
  title    = {A fast equivalence-checking algorithm for circular lists},
  journal  = {Information Processing Letters},
  volume   = {8},
  number   = {5},
  pages    = {236-238},
  year     = {1979},
  issn     = {0020-0190},
  doi      = {https://doi.org/10.1016/0020-0190(79)90114-5},
  url      = {https://www.sciencedirect.com/science/article/pii/0020019079901145},
  author   = {Yossi Shiloach},
  keywords = {Circular lists, comparisons, equivalence-checking algorithm}
}

@book{alg,
  author    = {Banachowski, Lech and Diks, Krzysztof and Rytter, Wojciech},
  address   = {Warszawa},
  booktitle = {Algorytmy i struktury danych},
  edition   = {Wyd. 5.},
  isbn      = {8320432243},
  keywords  = {Algorytmy},
  language  = {pol},
  publisher = {Wydawnictwa Naukowo-Techniczne},
  title     = {Algorytmy i struktury danych},
  year      = {2006}
}

@online{wazniakmimuw,
  title = {Algorytmy i struktury danych/Wstęp: poprawność i złożoność algorytmu},
  url   = {https://wazniak.mimuw.edu.pl/index.php?title=Algorytmy_i_struktury_danych/Wst%C4%99p:_poprawno%C5%9B%C4%87_i_z%C5%82o%C5%BCono%C5%9B%C4%87_algorytmu#Algorytm_8._R.C3.B3wnowa.C5.BCno.C5.9B.C4.87_cykliczna_ci.C4.85g.C3.B3w},
  year  = {2020}
}
